<record><leader>00000cas a2200000 a 4500</leader><controlfield tag="001">11952093</controlfield><controlfield tag="008">850423d18711880iludn ne      0    0eng c</controlfield><datafield ind1=" " ind2=" " tag="010"><subfield code="a">sn 85033416 </subfield></datafield><datafield ind1=" " ind2=" " tag="040"><subfield code="a">NPU</subfield><subfield code="b">eng</subfield><subfield code="c">NPU</subfield><subfield code="d">NVF</subfield><subfield code="d">MGN</subfield><subfield code="d">NVF</subfield><subfield code="d">OCLCQ</subfield><subfield code="d">NVF</subfield><subfield code="d">OCLCF</subfield><subfield code="d">OCLCO</subfield></datafield><datafield ind1="1" ind2=" " tag="029"><subfield code="a">AU@</subfield><subfield code="b">000040191296</subfield></datafield><datafield ind1=" " ind2=" " tag="042"><subfield code="a">pcc</subfield></datafield><datafield ind1=" " ind2=" " tag="043"><subfield code="a">n-us-il</subfield></datafield><datafield ind1="0" ind2=" " tag="130"><subfield code="a">Cairo evening sun (Cairo, Ill. : Daily)</subfield></datafield><datafield ind1="1" ind2="0" tag="245"><subfield code="a">Cairo evening sun.</subfield></datafield><datafield ind1=" " ind2=" " tag="260"><subfield code="a">Cairo, Ill. :</subfield><subfield code="b">[D.L. Davis],</subfield><subfield code="c">1871-1880.</subfield></datafield><datafield ind1=" " ind2=" " tag="300"><subfield code="a">v. ;</subfield><subfield code="c">56 cm.</subfield></datafield><datafield ind1=" " ind2=" " tag="310"><subfield code="a">Daily (except Sunday and holidays)</subfield></datafield><datafield ind1="1" ind2=" " tag="362"><subfield code="a">Began Apr. 3, 1871?</subfield></datafield><datafield ind1="0" ind2=" " tag="362"><subfield code="a">-v. 10, no. 105 (Aug. 5, 1880).</subfield></datafield><datafield ind1=" " ind2=" " tag="580"><subfield code="a">Weekly eds.: Egyptian sun, &lt;1871&gt;, and: Cairo evening sun (Cairo, Ill. : Weekly), &lt;1872&gt;, and: Sun and commercial, &lt;1876&gt;-1878, and: Radical Republican, 1878-1880.</subfield></datafield><datafield ind1=" " ind2=" " tag="588"><subfield code="a">Description based on: Vol. 2, no. 247 (Jan. 20, 1873).</subfield></datafield><datafield ind1=" " ind2="0" tag="651"><subfield code="a">Cairo (Ill.)</subfield><subfield code="v">Newspapers.</subfield></datafield><datafield ind1=" " ind2="7" tag="655"><subfield code="a">Newspapers.</subfield><subfield code="2">fast</subfield><subfield code="0">(OCoLC)fst01423814</subfield></datafield><datafield ind1=" " ind2="7" tag="651"><subfield code="a">Illinois</subfield><subfield code="z">Cairo.</subfield><subfield code="2">fast</subfield><subfield code="0">(OCoLC)fst01217110</subfield></datafield><datafield ind1=" " ind2=" " tag="752"><subfield code="a">United States</subfield><subfield code="b">Illinois</subfield><subfield code="c">Alexander</subfield><subfield code="d">Cairo.</subfield></datafield><datafield ind1="1" ind2=" " tag="775"><subfield code="t">Egyptian sun</subfield><subfield code="w">(DLC)sn 93059293</subfield><subfield code="w">(OCoLC)28004703</subfield></datafield><datafield ind1="1" ind2=" " tag="775"><subfield code="t">Cairo evening sun (Cairo, Ill. : Weekly)</subfield><subfield code="w">(DLC)sn 85033417</subfield><subfield code="w">(OCoLC)11952098</subfield></datafield><datafield ind1="1" ind2=" " tag="775"><subfield code="t">Sun and commercial</subfield><subfield code="w">(DLC)sn 93057079</subfield><subfield code="w">(OCoLC)28235868</subfield></datafield><datafield ind1="1" ind2=" " tag="775"><subfield code="t">Radical Republican</subfield><subfield code="w">(DLC)sn 93055644</subfield><subfield code="w">(OCoLC)27797611</subfield></datafield><datafield ind1="0" ind2="0" tag="785"><subfield code="t">Cairo daily news</subfield><subfield code="w">(DLC)sn 93055645</subfield><subfield code="w">(OCoLC)27797868</subfield></datafield></record>